@online{containercloudera,
	title = {Ducumentazione riguardante Cloudera Docker container},
	url   = {https://www.cloudera.com/documentation/enterprise/5-6-x/topics/quickstart_docker_container.html},
}
@online{clienti,
	title = {Clienti principali di Google Cloud Platform},
	url   = {https://cloud.google.com/customers/#/},
}
@online{GoogleCloudStorage,
	title = {Documentazione Google Cloud Storage},
	url   = {https://cloud.google.com/storage/},
}
@online{standardSQL,
	title = {Documentazione standard SQL per Google Cloud BigQuery},
	url   = {https://cloud.google.com/bigquery/docs/reference/standard-sql/enabling-standard-sql},
}
@online{GoogleCloudDataflow,
	title = {Documentazione Google Cloud Dataflow},
	url   = {https://cloud.google.com/dataflow/},
}
@online{Google Cloud BigQuery,
	title = {Documentazione Google Cloud BigQuery},
	url   = {https://cloud.google.com/bigquery},
}
@online{parametridiesecuzione,
	title = {Documentazione parametri di esecuzione Google Cloud Dataflow},
	url   = {https://cloud.google.com/dataflow/docs/guides/specifying-exec-params?authuser=2\&hl=it},
}
@online{,
	title = {},
	url   = {},
}
@online{,
	title = {},
	url   = {},
}
@online{,
	title = {},
	url   = {},
}
@online{,
	title = {},
	url   = {},
}
@online{,
	title = {},
	url   = {},
}
@online{,
	title = {},
	url   = {},
}
@online{,
	title = {},
	url   = {},
}
@online{,
	title = {},
	url   = {},
}
